@book{Proakis,
 author = {Proakis, John G. and Salehi, Masoud},
 title = {Communication systems engineering},
 year = {1994},
 isbn = {0-13-158932-6},
 publisher = {Prentice-Hall, Inc.},
 address = {Upper Saddle River, NJ, USA},
 }
